@Book{aiModernApproach,
  author    = {Stuart Russel and Peter Norvig},
  title     = {Artificial Intelligence: A Modern Approach},
  publisher = {Pearson},
  year      = {2021},
  edition   = {fourth edition},
}
@Book{aiStructuresStrategies,
  author    = {George F Luger},
  title     = {Artificial Intelligence: Structures and Strategies for Complex Problem Solving},
  publisher = {Pearson},
  year      = {2009},
  edition   = {sixth edition},
}
@article{dartmouthFiftyYears,
    author = {Moor, James},
    year = {2006},
    month = {01},
    pages = {87-91},
    title = {The Dartmouth College Artificial Intelligence Conference: The Next Fifty Years.},
    volume = {27},
    journal = {AI Magazine}
}
@Inbook{Flasiński2016,
    author="Flasi{\'{n}}ski, Mariusz",
    title="History of Artificial Intelligence",
    bookTitle="Introduction to Artificial Intelligence",
    year="2016",
    publisher="Springer International Publishing",
    pages="3--13",
    doi="10.1007/978-3-319-40022-8_1",
    url="https://doi.org/10.1007/978-3-319-40022-8_1"
}
@Book{riseOfSelfReplicators,
  author    = {Tim Taylor and Alan Dorin},
  title     = {Rise of the Self-Replicators},
  publisher = {Springer Cham},
  year      = {2020},
  edition   = {sixth edition},
  doi       = "10.1007/978-3-030-48234-3",
}
@article{Turing1950ComputingMA,
  title={Computing Machinery and Intelligence},
  author={Alan M. Turing},
  journal={Mind},
  year={1950},
  volume={LIX},
  pages={433-460},
  url={https://api.semanticscholar.org/CorpusID:14636783}
}
@article{mcculloch43a,
  added-at = {2008-02-26T11:58:58.000+0100},
  author = {Mcculloch, Warren and Pitts, Walter},
  biburl = {https://www.bibsonomy.org/bibtex/26fbacb0ae04bc17d296d9265dfc90dff/schaul},
  citeulike-article-id = {2380493},
  description = {idsia},
  interhash = {3e8e0d06f376f3eb95af89d5a2f15957},
  intrahash = {6fbacb0ae04bc17d296d9265dfc90dff},
  journal = {Bulletin of Mathematical Biophysics},
  keywords = {evolutionary},
  pages = {127--147},
  priority = {2},
  timestamp = {2008-02-26T12:00:58.000+0100},
  title = {A Logical Calculus of Ideas Immanent in Nervous Activity},
  volume = 5,
  year = 1943
}
@Inbook{AiWinterLessons,
    author="Gary Yang",
    title="AI Winter and its lessons",
    bookTitle="The History of Artificial Intelligence",
    year="2006",
    publisher="University of Washington",
    pages="17--21",
    url="https://courses.cs.washington.edu/courses/csep590/06au/projects/history-ai.pdf"
}
@article{Toosi_2021,
   title={A Brief History of AI: How to Prevent Another Winter (A Critical Review)},
   volume={16},
   ISSN={1556-8598},
   url={http://dx.doi.org/10.1016/j.cpet.2021.07.001},
   DOI={10.1016/j.cpet.2021.07.001},
   number={4},
   journal={PET Clinics},
   publisher={Elsevier BV},
   author={Toosi, Amirhosein and Bottino, Andrea G. and Saboury, Babak and Siegel, Eliot and Rahmim, Arman},
   year={2021},
   month=oct, pages={449–469}
}
@article{voiceAssistants,
    author = {Hoy, Matthew},
    year = {2018},
    month = {01},
    pages = {81-88},
    title = {Alexa, Siri, Cortana, and More: An Introduction to Voice Assistants},
    volume = {37},
    journal = {Medical Reference Services Quarterly},
    doi = {10.1080/02763869.2018.1404391}
}
@article{briefHistory,
    author = {Haenlein, Michael and Kaplan, Andreas},
    year = {2019},
    month = {07},
    pages = {000812561986492},
    title = {A Brief History of Artificial Intelligence: On the Past, Present, and Future of Artificial Intelligence},
    volume = {61},
    journal = {California Management Review},
    doi = {10.1177/0008125619864925}
}
@misc{studyAIusage,
    title        = "What Consumers Really Think About AI: A Global Study",
    author       = "{Pegasystems}",
    url          = {https://www.pega.com/ai-survey},
    year         = 2017,
}
@inproceedings{transformer,
    author = {Vaswani, Ashish and Shazeer, Noam and Parmar, Niki and Uszkoreit, Jakob and Jones, Llion and Gomez, Aidan N and Kaiser, \L ukasz and Polosukhin, Illia},
    booktitle = {Advances in Neural Information Processing Systems},
    editor = {I. Guyon and U. Von Luxburg and S. Bengio and H. Wallach and R. Fergus and S. Vishwanathan and R. Garnett},
    publisher = {Curran Associates, Inc.},
    title = {Attention is All you Need},
    url = {https://proceedings.neurips.cc/paper_files/paper/2017/file/3f5ee243547dee91fbd053c1c4a845aa-Paper.pdf},
    volume = {30},
    year = {2017}
}
@misc{brown2020language,
      title={Language Models are Few-Shot Learners}, 
      author={Tom B. Brown and Benjamin Mann and Nick Ryder and Melanie Subbiah and Jared Kaplan and Prafulla Dhariwal and Arvind Neelakantan and Pranav Shyam and Girish Sastry and Amanda Askell and Sandhini Agarwal and Ariel Herbert-Voss and Gretchen Krueger and Tom Henighan and Rewon Child and Aditya Ramesh and Daniel M. Ziegler and Jeffrey Wu and Clemens Winter and Christopher Hesse and Mark Chen and Eric Sigler and Mateusz Litwin and Scott Gray and Benjamin Chess and Jack Clark and Christopher Berner and Sam McCandlish and Alec Radford and Ilya Sutskever and Dario Amodei},
      year={2020},
      eprint={2005.14165},
      archivePrefix={arXiv},
      primaryClass={cs.CL}
}
@online{googleGemini,
  author = {Google LLC},
  title = {Gemini Models},
  url = {https://deepmind.google/technologies/gemini/},
  urldate = {2024-05-12}
}
@online{openAiChatGPT,
  author = {OpenAI Inc.},
  title = {Introducing ChatGPT},
  url = {https://openai.com/index/chatgpt/},
  urldate = {2024-05-12}
}
@online{perplexity,
  author = {Perplexity},
  title = {Getting Started with Perplexity},
  url = {https://www.perplexity.ai/hub/getting-started},
  urldate = {2024-05-14}
}
@online{midjourney,
  author = {Midjourney Inc.},
  title = {Midjourney},
  url = {https://www.midjourney.com/home},
  urldate = {2024-05-14}
}
@online{dalle,
  author = {OpenAI Inc.},
  title = {DALL·E 3},
  url = {https://openai.com/index/dall-e-3/},
  urldate = {2024-05-14}
}
@misc{AiIndexReport24,
  title       = "Artificial Intelligence Index Report 2024",
  author      = "Nestor Maslej and Loredana Fattorini and Elif Kiesow Cortez and Anka Reuel and Robi Rahman",
  year        = 2024,
}
@misc{frank2023representative,
      title={A Representative Study on Human Detection of Artificially Generated Media Across Countries}, 
      author={Joel Frank and Franziska Herbert and Jonas Ricker and Lea Schönherr and Thorsten Eisenhofer and Asja Fischer and Markus Dürmuth and Thorsten Holz},
      year={2023},
      eprint={2312.05976},
      archivePrefix={arXiv},
      primaryClass={cs.CR}
}
@misc{littman2022gathering,
      title={Gathering Strength, Gathering Storms: The One Hundred Year Study on Artificial Intelligence (AI100) 2021 Study Panel Report}, 
      author={Michael L. Littman and Ifeoma Ajunwa and Guy Berger and Craig Boutilier and Morgan Currie and Finale Doshi-Velez and Gillian Hadfield and Michael C. Horowitz and Charles Isbell and Hiroaki Kitano and Karen Levy and Terah Lyons and Melanie Mitchell and Julie Shah and Steven Sloman and Shannon Vallor and Toby Walsh},
      year={2022},
      eprint={2210.15767},
      archivePrefix={arXiv},
      primaryClass={cs.AI}
}
@misc{huang2023survey,
      title={A Survey on Hallucination in Large Language Models: Principles, Taxonomy, Challenges, and Open Questions}, 
      author={Lei Huang and Weijiang Yu and Weitao Ma and Weihong Zhong and Zhangyin Feng and Haotian Wang and Qianglong Chen and Weihua Peng and Xiaocheng Feng and Bing Qin and Ting Liu},
      year={2023},
      eprint={2311.05232},
      archivePrefix={arXiv},
      primaryClass={cs.CL}
}
@misc{chen2023learning,
      title={Learning To Teach Large Language Models Logical Reasoning}, 
      author={Meiqi Chen and Yubo Ma and Kaitao Song and Yixin Cao and Yan Zhang and Dongsheng Li},
      year={2023},
      eprint={2310.09158},
      archivePrefix={arXiv},
      primaryClass={cs.AI}
}
@Article{Dhar2020,
    author={Dhar, Payal},
    title={The carbon impact of artificial intelligence},
    journal={Nature Machine Intelligence},
    year={2020},
    month={08},
    day={01},
    volume={2},
    number={8},
    pages={423-425},
    abstract={The part that artificial intelligence plays in climate change has come under scrutiny, including from tech workers themselves who joined the global climate strike last year. Much can be done by developing tools to quantify the carbon cost of machine learning models and by switching to a sustainable artificial intelligence infrastructure.},
    issn={2522-5839},
    doi={10.1038/s42256-020-0219-9},
    url={https://doi.org/10.1038/s42256-020-0219-9}
}
@ARTICLE{AiEdge,
  author={Deng, Shuiguang and Zhao, Hailiang and Fang, Weijia and Yin, Jianwei and Dustdar, Schahram and Zomaya, Albert Y.},
  journal={IEEE Internet of Things Journal}, 
  title={Edge Intelligence: The Confluence of Edge Computing and Artificial Intelligence}, 
  year={2020},
  volume={7},
  number={8},
  pages={7457-7469},
  keywords={Edge computing;Computational modeling;Internet of Things;Computer architecture;Cloud computing;Deep learning;Computation offloading;edge computing;edge intelligence;Federated learning;wireless networking (WN)},
  doi={10.1109/JIOT.2020.2984887}
}
@misc{genAiCopyright,
      title={Generative Artificial Intelligence and Copyright Law}, 
      author={Christopher T. Zirpoli},
      year={2023},
      publisher = {Congressional Research Service},
}
@online{openAiAgi,
  author = {OpenAI Inc.},
  title = {Planning for AGI and beyond},
  url = {https://openai.com/index/planning-for-agi-and-beyond/},
  urldate = {2024-05-20}
}
@online{googleDeepMindAgi,
  author = {Google LLC},
  title = {About Google DeepMind},
  url = {https://deepmind.google/about/},
  urldate = {2024-05-20}
}
@Article{Fei2022,
    author={Fei, Nanyi and Lu, Zhiwu and Gao, Yizhao and Yang, Guoxing and Huo, Yuqi and Wen, Jingyuan and Lu, Haoyu and Song, Ruihua and Gao, Xin and Xiang, Tao and Sun, Hao and Wen, Ji-Rong},
    title={Towards artificial general intelligence via a multimodal foundation model},
    journal={Nature Communications},
    year={2022},
    month={06},
    day={02},
    volume={13},
    number={1},
    pages={3094},
    issn={2041-1723},
    doi={10.1038/s41467-022-30761-2},
    url={https://doi.org/10.1038/s41467-022-30761-2}
}
@misc{baltrušaitis2017multimodal,
      title={Multimodal Machine Learning: A Survey and Taxonomy}, 
      author={Tadas Baltrušaitis and Chaitanya Ahuja and Louis-Philippe Morency},
      year={2017},
      eprint={1705.09406},
      archivePrefix={arXiv},
      primaryClass={cs.LG}
}
@misc{bubeck2023sparks,
      title={Sparks of Artificial General Intelligence: Early experiments with GPT-4}, 
      author={Sébastien Bubeck and Varun Chandrasekaran and Ronen Eldan and Johannes Gehrke and Eric Horvitz and Ece Kamar and Peter Lee and Yin Tat Lee and Yuanzhi Li and Scott Lundberg and Harsha Nori and Hamid Palangi and Marco Tulio Ribeiro and Yi Zhang},
      year={2023},
      eprint={2303.12712},
      archivePrefix={arXiv},
      primaryClass={cs.CL}
}
@misc{mahowald2024dissociating,
      title={Dissociating language and thought in large language models}, 
      author={Kyle Mahowald and Anna A. Ivanova and Idan A. Blank and Nancy Kanwisher and Joshua B. Tenenbaum and Evelina Fedorenko},
      year={2024},
      eprint={2301.06627},
      archivePrefix={arXiv},
      primaryClass={cs.CL}
}
@Article{Stiefel2019,
    author={Stiefel, Klaus M.
    and Brooks, Daniel S.},
    title={Why is There No Successful Whole Brain Simulation (Yet)?},
    journal={Biological Theory},
    year={2019},
    month={06},
    day={01},
    volume={14},
    number={2},
    pages={122-130},
    issn={1555-5550},
    doi={10.1007/s13752-019-00319-5},
    url={https://doi.org/10.1007/s13752-019-00319-5}
}
@article{Turchin2020-TURCOG-2,
	author = {Alexey Turchin and David Denkenberger},
	doi = {10.1007/s00146-018-0845-5},
	journal = {AI and Society},
	number = {1},
	pages = {147--163},
	title = {Classification of Global Catastrophic Risks Connected with Artificial Intelligence},
	volume = {35},
	year = {2020}
}
@article{
    scienceAgiDiscussion,
    author = {Melanie Mitchell },
    title = {Debates on the nature of artificial general intelligence},
    journal = {Science},
    volume = {383},
    number = {6689},
    pages = {eado7069},
    year = {2024},
    doi = {10.1126/science.ado7069},
    URL = {https://www.science.org/doi/abs/10.1126/science.ado7069},
    eprint = {https://www.science.org/doi/pdf/10.1126/science.ado7069},
}
@misc{zhang2022forecasting,
      title={Forecasting AI Progress: Evidence from a Survey of Machine Learning Researchers}, 
      author={Baobao Zhang and Noemi Dreksler and Markus Anderljung and Lauren Kahn and Charlie Giattino and Allan Dafoe and Michael C. Horowitz},
      year={2022},
      eprint={2206.04132},
      archivePrefix={arXiv},
      primaryClass={cs.CY}
}
@Article{Fjelland2020,
    author={Fjelland, Ragnar},
    title={Why general artificial intelligence will not be realized},
    journal={Humanities and Social Sciences Communications},
    year={2020},
    month={06},
    day={17},
    volume={7},
    number={1},
    pages={10},
    issn={2662-9992},
    doi={10.1057/s41599-020-0494-4},
    url={https://doi.org/10.1057/s41599-020-0494-4}
}







